<?xml version="1.0" encoding="UTF-8"?><record xmlns="http://www.loc.gov/MARC21/slim" xmlns:cinclude="http://apache.org/cocoon/include/1.0" xmlns:zs="http://www.loc.gov/zing/srw/">
  <leader>00731cz  a2200133n  4500</leader>
  <controlfield tag="001">n 2012212654</controlfield>
  <controlfield tag="003">DLC</controlfield>
  <controlfield tag="005">20120211075224.0</controlfield>
  <controlfield tag="008">120209n| acannaabn          |a aaa      </controlfield>
  <datafield tag="010" ind1=" " ind2=" ">
    <subfield code="a">n 2012212654</subfield>
  </datafield>
  <datafield tag="040" ind1=" " ind2=" ">
    <subfield code="a">DLC</subfield>
    <subfield code="b">eng</subfield>
    <subfield code="c">DLC</subfield>
  </datafield>
  <datafield tag="100" ind1="1" ind2=" ">
    <subfield code="a">Favarin, Julio Vicente Rinaldi</subfield>
  </datafield>
  <datafield tag="400" ind1="1" ind2=" ">
    <subfield code="a">Rinaldi Favarin, Julio Vicente</subfield>
  </datafield>
  <datafield tag="670" ind1=" " ind2=" ">
    <subfield code="a">Análise da competitividade da indústria marítima brasileira e um panorama do setor de cabotagem no Brasil e no exterior, 2010:</subfield>
    <subfield code="b">t.p. (Julio Vicente Rinaldi Favarin) front flap (graduação em engenharia naval e oceânica, Univ. de São Paulo; graduação em ciências econômicas, Pontifícia Univ. Católica de São Paulo; pesquisador, Centro de Estudos em Gestão Naval, Univ. de São Paulo)</subfield>
  </datafield>
</record>